<?xml version="1.0" encoding="UTF-8"?><record xmlns="http://www.loc.gov/MARC21/slim" xmlns:cinclude="http://apache.org/cocoon/include/1.0" xmlns:zs="http://www.loc.gov/zing/srw/">
  <leader>00432cz  a2200121n  4500</leader>
  <controlfield tag="001">n  82048578 </controlfield>
  <controlfield tag="003">DLC</controlfield>
  <controlfield tag="005">20141208104802.0</controlfield>
  <controlfield tag="008">820407n| azannaab           |n aaa      </controlfield>
  <datafield tag="010" ind1=" " ind2=" ">
    <subfield code="a">n  82048578 </subfield>
  </datafield>
  <datafield tag="040" ind1=" " ind2=" ">
    <subfield code="a">DLC</subfield>
    <subfield code="b">eng</subfield>
    <subfield code="e">rda</subfield>
    <subfield code="c">DLC</subfield>
    <subfield code="d">DLC</subfield>
  </datafield>
  <datafield tag="100" ind1="1" ind2=" ">
    <subfield code="a">Watchorn, M. B.</subfield>
  </datafield>
  <datafield tag="670" ind1=" " ind2=" ">
    <subfield code="a">Author's Continental sedimentation and volcanism in the Dominion Group of the western Transvaal, 1980:</subfield>
    <subfield code="b">t.p. (M. B. Watchorn, res. asst., Economic Geology Res. Unit)</subfield>
  </datafield>
</record>